<record><leader>00000cas a22000007a 4500</leader><controlfield tag="001">13201819</controlfield><controlfield tag="008">860226d19771981wvuwr ne      0    0eng d</controlfield><datafield ind1=" " ind2=" " tag="010"><subfield code="a">sn 86092286 </subfield></datafield><datafield ind1=" " ind2=" " tag="040"><subfield code="a">WVC</subfield><subfield code="b">eng</subfield><subfield code="c">WVC</subfield><subfield code="d">OCL</subfield><subfield code="d">OCLCQ</subfield></datafield><datafield ind1=" " ind2=" " tag="042"><subfield code="a">msc</subfield></datafield><datafield ind1="0" ind2="0" tag="245"><subfield code="a">Tygart valley press.</subfield></datafield><datafield ind1=" " ind2=" " tag="260"><subfield code="a">Elkins, W. Va. :</subfield><subfield code="b">David W. Pollard,</subfield><subfield code="c">1977-1981.</subfield></datafield><datafield ind1=" " ind2=" " tag="300"><subfield code="a">v.</subfield></datafield><datafield ind1=" " ind2=" " tag="310"><subfield code="a">Weekly</subfield></datafield><datafield ind1="0" ind2=" " tag="362"><subfield code="a">Vol. 1, no. 1 (Oct. 12, 1977)-v. 5, no. 31 (Aug. 5, 1981).</subfield></datafield><datafield ind1=" " ind2=" " tag="500"><subfield code="a">Editor: I.J. Barsey.</subfield></datafield><datafield ind1=" " ind2=" " tag="752"><subfield code="a">United States</subfield><subfield code="b">West Virginia</subfield><subfield code="c">Randolph</subfield><subfield code="d">Elkins.</subfield></datafield></record>